<?xml version = "1.0" encoding = "UTF-8"?><OAI-PMH xmlns="http://www.openarchives.org/OAI/2.0/" xmlns:xsi="http://www.w3.org/2001/XMLSchema-instance" xsi:schemaLocation="http://www.openarchives.org/OAI/2.0/ http://www.openarchives.org/OAI/2.0/OAI-PMH.xsd"><ListRecords><record><header><identifier>aleph-publish:011486906</identifier></header><metadata><record xmlns="http://www.ddb.de/professionell/mabxml/mabxml-1.xsd"><leader>------M2.01200024------h</leader><controlfield tag="LDR">------M2.01200024------h</controlfield><controlfield tag="FMT">MH</controlfield><datafield tag="001" ind1="-" ind2="1"><subfield code="a">HT013160916</subfield></datafield><datafield tag="002" ind1="a" ind2="1"><subfield code="a">20011015</subfield></datafield><datafield tag="003" ind1="-" ind2="1"><subfield code="a">20020418</subfield></datafield><controlfield tag="030">a|1uc||||||17</controlfield><datafield tag="036" ind1="a" ind2="1"><subfield code="a">US</subfield></datafield><datafield tag="037" ind1="b" ind2="1"><subfield code="a">eng</subfield></datafield><controlfield tag="050">a|||||||||||||</controlfield><controlfield tag="051">m|||||||</controlfield><datafield tag="070" ind1="-" ind2="1"><subfield code="a">467</subfield></datafield><datafield tag="070" ind1="b" ind2="1"><subfield code="a">464</subfield></datafield><datafield tag="080" ind1="-" ind2="1"><subfield code="a">60</subfield></datafield><datafield tag="100" ind1="-" ind2="1"><subfield code="p">Naipaul, V. S.</subfield><subfield code="d">1932-</subfield><subfield code="9">(DE-588)118737929</subfield></datafield><datafield tag="101" ind1="-" ind2="1"><subfield code="p">Naipaul, Vidiadhar Surajprasad</subfield><subfield code="d">1932-</subfield></datafield><datafield tag="101" ind1="-" ind2="1"><subfield code="p">Naipaul, Vedladhar Surajprasad</subfield><subfield code="d">1932-</subfield></datafield><datafield tag="101" ind1="-" ind2="1"><subfield code="p">Nāyapāṃla, V. S.</subfield><subfield code="d">1932-</subfield></datafield><datafield tag="101" ind1="-" ind2="1"><subfield code="p">Naipaul, Vidiadhar S.</subfield><subfield code="d">1932-</subfield></datafield><datafield tag="331" ind1="-" ind2="1"><subfield code="a">&lt;&lt;The&gt;&gt; mimic men</subfield></datafield><datafield tag="335" ind1="-" ind2="1"><subfield code="a">[a novel]</subfield></datafield><datafield tag="359" ind1="-" ind2="1"><subfield code="a">V. S. Naipaul</subfield></datafield><datafield tag="403" ind1="-" ind2="1"><subfield code="a">1. Vintage internat. ed.</subfield></datafield><datafield tag="410" ind1="-" ind2="1"><subfield code="a">New York</subfield></datafield><datafield tag="412" ind1="-" ind2="1"><subfield code="a">Vintage Books</subfield></datafield><datafield tag="425" ind1="a" ind2="1"><subfield code="a">2001</subfield></datafield><datafield tag="433" ind1="-" ind2="1"><subfield code="a">300 S.</subfield></datafield><datafield tag="540" ind1="a" ind2="1"><subfield code="a">0-375-70717-4</subfield></datafield><controlfield tag="SYS">011486906</controlfield><datafield tag="088" ind1=" " ind2=" "><subfield code="a">467</subfield><subfield code="b">11</subfield><subfield code="c">11EDAN1858</subfield><subfield code="e">Ausleihbar</subfield></datafield><datafield tag="088" ind1=" " ind2=" "><subfield code="a">464</subfield><subfield code="b">D01</subfield><subfield code="c">EDAN1337_d</subfield><subfield code="e">Ausleihbestand</subfield></datafield></record></metadata></record></ListRecords></OAI-PMH>